@misc{oracle,
  author = {Oscar Blancarte},
  title = {{Data Transfer Object (DTO) – Patrón de diseño}},
  howpublished="\url{
https://www.oscarblancarteblog.com/2018/11/30/data-transfer-object-dto-patron-di
seno/}",
  year ={2018},
  note = "[Online; consultado: 29-Enero-2019]"
},
@misc{adam,
  author = {Adam Bien},
  title = {{Value Object vs. Data Transfer Object (VO vs. DTO)}},
  howpublished="\url{
http://www.adam-bien.com/roller/abien/entry/value_object_vs_data_transfer}",
    year={2009},
  note = "[Online; consultado: 29-Enero-2019]"
},
