@misc{search,
  author = {Margaret Rouse},
  title = {{Object-relational Mapping (ORM)}},
  howpublished="\url{
https://searchwindevelopment.techtarget.com/definition/object-relational-mapping
}",
  year ={2008},
  publisher={{Techtarget}},
  note = "[Online; consultado: 5-marzo-2019]"
},
@misc{orm,
  author = {José Manuel Alarcón},
  title = {{¿Qué es un ORM?}},
  howpublished="\url{
https://www.campusmvp.es/recursos/post/que-es-un-orm.aspx}",
  year ={2018},
  publisher={{Campus MVP}},
  note = "[Online; consultado: 5-marzo-2019]"
},
