@BOOK{PAGINA,
 author = {{UNAM}},
 title = {{Introducción JDBC}},
 year = "2011",
 publisher = "Sitio de certificación SUN"
},
@BOOK{PDF,
 author = {{Pavon Mestras J.}},
 title = {{Acceso a bases de datos con JDBC}},
 year = "2013",
 publisher = "Universidad Complutense Madrid"
},
