@misc{google,
  author = {Google},
  title = {{The Deployment Descriptor: web.xml}},
  howpublished="\url{
https://cloud.google.com/appengine/docs/standard/java/config/webxml}",
  year ={2019},
  publisher={{Google Cloud}},
  note = "[Online; consultado: 26-Enero-2019]"
}
