@misc{uni,
  author = {Servicio de Informatica},
  title = {{Modelo vista controlador (MVC)}},
  howpublished="\url{
https://si.ua.es/es/documentacion/asp-net-mvc-3/1-dia/modelo-vista-controlador-m
vc.html}",
  year ={2012},
  publisher={{Universidad de Alicate}},
  note = "[Online; consultado: 27-Enero-2019]"
},
@misc{firefox,
  author = {Leon Earl},
  title = {{MVC architecture}},
  howpublished="\url{
https://developer.mozilla.org/en-US/docs/Web/Apps/Fundamentals/Modern_web_app_ar
chitecture/MVC_architecture}",
  year ={2018},
  publisher={{Mozilla Developer Network}},
  note = "[Online; consultado: 27-Enero-2019]"
}

