@BOOK{jee,
 author = {{Douglas K Barry}},
 title = {{J2EE Web Server or Container}},
 year = "2012",
 publisher = "Service Architecture"
},
@BOOK{wiki,
 author = {{Wikipedia}},
 title = {{Servidor web}},
 year = "2018",
 publisher = "Wikipedia"
},
