@misc{oracle,
  author = {Sun Microsystems},
  title = {{Core J2EE Patterns - Transfer Object}},
  howpublished="\url{
https://www.oracle.com/technetwork/java/transferobject-139757.html}",
  year ={2002},
  publisher={{Oracle}},
  note = "[Online; consultado: 29-Enero-2019]"
},
@misc{adam,
  author = {{Adam Bien}},
  title = {{Value Object vs. Data Transfer Object (VO vs. DTO)}},
  howpublished="\url{
http://www.adam-bien.com/roller/abien/entry/value_object_vs_data_transfer}",
  year ={2009},
  note = "[Online; consultado: 29-Enero-2019]"
}

